%==Ref1
@article{VanderWeeleTchetgen2017,
	title = {Mediation analysis with time varying exposures and mediators},
	author = {VanderWeele, T. J. and Tchetgen Tchetgen, E. J.},
	year = {2017},
	volume = {79},
	number = {3},
	journal = {Journal of the Royal Statistical Society. Series B: Statistical Methodology},
	pages = {917-938}
}

%==Ref2
@article{Vansteelandt2019,
	Author = {Vansteelandt, S. and  M. Linder and S. Vandenberghe and J. Steen and J. Madsen},
	Journal = {Statistics in Medicine},
	Pages = {4828â€“4840},
	Title = {Mediation analysis of time-to-event endpoints accounting for repeatedly measured mediators subject to time-varying confounding},
	Volume = {38},
        Number={24},
	Year = {2019}
}

%==Ref3
@article{ZhengVdL2017,
	Author = {Zheng, W. and {van der Laan}, M. J.},
	Journal = {Journal of Causal Inference},
	Title = {Longitudinal Mediation Analysis with Time-varying Mediators and Exposures, with Application to Survival Outcomes},
	Volume = {5},
	Number = {2},
	Year = {2017}
}

%==Ref4
@book{Pearl2000,
	Author = {Pearl, J.},
	Publisher = {Cambridge University Press},
	Title = {Causality},
	Year = {2000}
 }

%==Ref5
 @article{Petersen2014,
    author = {M. Petersen and J. Schwab and S. Gruber and N. Blaser and M. Schomaker and M.J. {van der Laan}},
    title = "{Targeted maximum likelihood estimation for dynamic and static longitudinal
marginal structural working models}",
    journal = {Journal of Causal Inference},
    volume = {2},
    number = {2},
    pages = {147-185},
    year = {2014}
}

%==Ref6
@article{vdLGruber2012,
    author = {M. J. {van der Laan} and S. Gruber},
    title = "{Targeted minimum loss based estimation of causal
effects of multiple time point interventions}",
    journal = {International Journal of Biostatistics},
    volume = {8},
    number = {1},
    year = {2012}
}

%==Ref7
@book{VdLRose2011,
	Author = {{van der Laan}, M. J. and S. Rose},
	Title = {Targeted Learning: Causal Inference for Observational and Experimental Data},
    Year = {2011},
    Publisher= {Springer Science \& Business Media}
}

%==Ref8
@book{VdLRose2018,
	Author = {{van der Laan}, M. J. and S. Rose},
	Title = {Targeted Learning in Data Science: Causal Inference for Complex Longitudinal Studies},
    Year = {2018},
    Publisher= {Springer Science \& Business Media}
}

%==Ref8
@INPROCEEDINGS{Avin2005,
    author={Avin, C. and I. Shpitser and J. Pearl},
    series={Proceedings of the International Joint Conference on Artificial Intelligence}, 
    title={Identifiability of path-specific effects}, 
    publisher = {Morgan Kaufmann Publishers Inc}, 
    year={2005},
    pages={357-363}
}

%==Ref9
@article{RobinsGreenland1992,
	Author = {Robins, J. M. and S. Greenland},
	Journal = {Epidemiology},
	Pages = {143-155},
	Title = {Identifiability and exchangeability for direct and indirect effects},
	Volume = {3},
	Year = {1992}
}

%==Ref10
@inproceedings{Pearl2001,
    author = {Pearl, J.}, 
    title = {Direct and Indirect Effects}, 
    year = {2001},
    Pages = {411-420},
        publisher = {Morgan Kaufmann Publishers Inc}, 
    series = {Proceedings of the Seventeenth Conference on Uncertainty in Artificial Intelligence}
}

@article{BangRobins2005,
author = {Bang, Heejung and Robins, James M.},
title = {Doubly Robust Estimation in Missing Data and Causal Inference Models},
journal = {Biometrics},
volume = {61},
number = {4},
pages = {962-973},
year = {2005}
}